@article{bell2015learning,
  title={Learning visual similarity for product design with convolutional neural networks},
  author={Bell, Sean and Bala, Kavita},
  journal={ACM Transactions on Graphics (TOG)},
  volume={34},
  number={4},
  pages={98},
  year={2015},
  publisher={ACM}
}

@article{appalaraju2017image,
  title={Image similarity using deep CNN and curriculum learning},
  author={Appalaraju, Srikar and Chaoji, Vineet},
  journal={arXiv preprint arXiv:1709.08761},
  year={2017}
}

@inproceedings{chopra2005learning,
  title={Learning a similarity metric discriminatively, with application to face verification},
  author={Chopra, Sumit and Hadsell, Raia and LeCun, Yann and others},
  booktitle={CVPR (1)},
  pages={539--546},
  year={2005}
}

@incollection{weston2012deep,
  title={Deep learning via semi-supervised embedding},
  author={Weston, Jason and Ratle, Fr{\'e}d{\'e}ric and Mobahi, Hossein and Collobert, Ronan},
  booktitle={Neural Networks: Tricks of the Trade},
  pages={639--655},
  year={2012},
  publisher={Springer}
}

@inproceedings{sharif2014cnn,
  title={CNN features off-the-shelf: an astounding baseline for recognition},
  author={Sharif Razavian, Ali and Azizpour, Hossein and Sullivan, Josephine and Carlsson, Stefan},
  booktitle={Proceedings of the IEEE conference on computer vision and pattern recognition workshops},
  pages={806--813},
  year={2014}
}

@inproceedings{schroff2015facenet,
  title={Facenet: A unified embedding for face recognition and clustering},
  author={Schroff, Florian and Kalenichenko, Dmitry and Philbin, James},
  booktitle={Proceedings of the IEEE conference on computer vision and pattern recognition},
  pages={815--823},
  year={2015}
}

@inproceedings{melekhov2016siamese,
  title={Siamese network features for image matching},
  author={Melekhov, Iaroslav and Kannala, Juho and Rahtu, Esa},
  booktitle={2016 23rd International Conference on Pattern Recognition (ICPR)},
  pages={378--383},
  year={2016},
  organization={IEEE}
}

@inproceedings{wang2014learning,
  title={Learning fine-grained image similarity with deep ranking},
  author={Wang, Jiang and Song, Yang and Leung, Thomas and Rosenberg, Chuck and Wang, Jingbin and Philbin, James and Chen, Bo and Wu, Ying},
  booktitle={Proceedings of the IEEE Conference on Computer Vision and Pattern Recognition},
  pages={1386--1393},
  year={2014}
}

@article{larsen2015autoencoding,
  title={Autoencoding beyond pixels using a learned similarity metric},
  author={Larsen, Anders Boesen Lindbo and S{\o}nderby, S{\o}ren Kaae and Larochelle, Hugo and Winther, Ole},
  journal={arXiv preprint arXiv:1512.09300},
  year={2015}
}

@article{yu2018novel,
  title={A novel region-based active contour model via local patch similarity measure for image segmentation},
  author={Yu, Haiping and He, Fazhi and Pan, Yiteng},
  journal={Multimedia Tools and Applications},
  volume={77},
  number={18},
  pages={24097--24119},
  year={2018},
  publisher={Springer}
}

@inproceedings{dosovitskiy2016generating,
  title={Generating images with perceptual similarity metrics based on deep networks},
  author={Dosovitskiy, Alexey and Brox, Thomas},
  booktitle={Advances in neural information processing systems},
  pages={658--666},
  year={2016}
}

@online{xiao2017/online,
  author       = {Han Xiao and Kashif Rasul and Roland Vollgraf},
  title        = {Fashion-MNIST: a Novel Image Dataset for Benchmarking Machine Learning Algorithms},
  date         = {2017-08-28},
  year         = {2017},
  eprintclass  = {cs.LG},
  eprinttype   = {arXiv},
  eprint       = {cs.LG/1708.07747},
}

@inproceedings{liuLQWTcvpr16DeepFashion,
 author = {Liu, Ziwei and Luo, Ping and Qiu, Shi and Wang, Xiaogang and Tang, Xiaoou},
 title = {DeepFashion: Powering Robust Clothes Recognition and Retrieval with Rich Annotations},
 booktitle = {Proceedings of IEEE Conference on Computer Vision and Pattern Recognition (CVPR)},
 month = {June},
 year = {2016} 
 }
 
 @misc{AnnoyGitHub,
  title = {{Annoy Library} Github Use},
  howpublished = {\url{https://github.com/spotify/annoy}},
  note = {Accessed: 2019-12-05}
}